@misc {Tutorial,
   author = {Sarah Doody},
   title = {Step-by-step guide to create an effective user research survey}, url = {https://www.youtube.com/watch?v=exyHMFVrZCg&t=626s}
}

@misc {Bill,
   title = {State Superintendent Tony Thurmond and Assemblymember Marc Berman Unveil AB 2097 to Guarantee Access to Computer Science for All California Students}, 
    url = {https://www.cde.ca.gov/nr/ne/yr24/yr24rel07.asp#:~:text=Fast%20Facts%20on%20Computer%20Science%3A&text=Fifty%2Dfive%20percent%20of%20high,in%20a%20computer%20science%20course.}
}

@misc {GeeksforGeeks,
   title = {GeeksforGeeks}, 
    url = {https://www.geeksforgeeks.org/}
}

@misc {W3Schools,
   title = {W3Schools}, 
    url = {https://www.w3schools.com/}
}

@misc {CodingBat,
   title = {CodingBat}, 
    url = {https://codingbat.com/java}
}




